@inproceedings{TentrupSAT16,
  author    = {Leander Tentrup},
  title     = {Non-prenex {QBF} Solving Using Abstraction},
  booktitle = {Theory and Applications of Satisfiability Testing (SAT)},
  pages     = {393--401},
  year      = {2016},
  optcrossref  = {DBLP:conf/sat/2016},
  opturl       = {http://dx.doi.org/10.1007/978-3-319-40970-2_24},
  doi       = {10.1007/978-3-319-40970-2_24},
  timestamp = {Mon, 13 Jun 2016 18:12:42 +0200},
  biburl    = {http://dblp.uni-trier.de/rec/bib/conf/sat/Tentrup16},
  bibsource = {dblp computer science bibliography, http://dblp.org}
}

@inproceedings{RabeFMCAD15,
  author    = {Markus N. Rabe and Leander Tentrup},
  title     = {{CAQE:} {A} Certifying {QBF} Solver},
  booktitle = {Formal Methods in Computer-Aided Design, {FMCAD}},
  pages     = {136--143},
  year      = {2015},
  optcrossref  = {DBLP:conf/fmcad/2015},
  timestamp = {Thu, 07 Jan 2016 15:57:52 +0100},
  biburl    = {http://dblp.uni-trier.de/rec/bib/conf/fmcad/RabeT15},
  bibsource = {dblp computer science bibliography, http://dblp.org}
}

@inproceedings{janota-sat18,
  author    = {Mikol{\'a}\v{s} Janota},
  title     = {Circuit-based Search Space Pruning in {QBF}},
  booktitle = {Theory and Applications of Satisfiability Testing (SAT)},
  year      = {2018}
}

@article{quinlan86,
  title={Induction of decision trees},
  author={Quinlan, J. Ross},
  journal={Machine learning},
  volume={1},
  number={1},
  pages={81--106},
  year={1986},
  publisher={Springer}
}

@inproceedings{een-sat03,
  author    = {Niklas E{\'e}n and
               Niklas S{\"o}rensson},
  title     = {An Extensible {SAT}-solver},
  booktitle = {Theory and Applications of Satisfiability Testing (SAT)},
  year      = {2003},
  optpages     = {502-518},
  ee        = {http://springerlink.metapress.com/openurl.asp?genre=article{\&}issn=0302-9743{\&}volume=2919{\&}spage=502},
  optcrossref  = {DBLP:conf/sat/2003},
  bibsource = {DBLP, http://dblp.uni-trier.de}
}

@inproceedings{klieberBP16,
    title={Non-{CNF} {QBF} solving with {QCIR}},
    author={Jordan, Charles and Klieber, Will and Seidl, Martina},
    booktitle={Proceedings of BNP (Workshop)},
    year={2016}
}

@inproceedings{janota-aaai18,
  author    = {Mikol{\'a}\v{s} Janota},
  title     = {Towards Generalization in {QBF} Solving via Machine Learning},
  booktitle = {{AAAI} Conference on Artificial Intelligence },
  year      = {2018}
}

@inproceedings{janota-ijcai15,
  author    = {Mikol{\'{a}}\v{s} Janota and
               Joao Marques{-}Silva},
  title     = {Solving  {QBF} by Clause Selection},
  booktitle = {International Joint Conference on Artificial Intelligence (IJCAI)},
  year = 2015
}

@article{janota-ai16,
    author = {Mikol{\'a}\v{s} Janota and William Klieber and Joao Marques-Silva and Edmund Clarke},
    title = {Solving {QBF} with Counterexample Guided Refinement },
    journal = {Artificial Intelligence},
    volume = {234},
    pages = {1--25},
    year = {2016},
    issn = {0004-3702},
    doi = {http://dx.doi.org/10.1016/j.artint.2016.01.004}
}

@inproceedings{janota-sat12,
  author =       {Mikol{\'a}{\v{s}} Janota and William Klieber and Jo{\~a}o
                  Marques-Silva and Edmund M. Clarke},
  title =        {Solving {QBF} with Counterexample Guided Refinement},
  booktitle = {Theory and Applications of Satisfiability Testing (SAT)},
  year =         2012,
  pages =        {114--128},
  ee =           {http://dx.doi.org/10.1007/978-3-642-31612-8_10},
  optcrossref =     {DBLP:conf/sat/2012},
  bibsource =    {DBLP, http://dblp.uni-trier.de}
}

@InProceedings{janota-sat11,
  author =       {Mikol\'a\v{s} Janota and Joao Marques-Silva},
  title =        {Abstraction-Based Algorithm for {2QBF}},
  booktitle =    {SAT},
  year =         2011,
  pages =        {230--244},
  crossref =     {SAT11}
}

@proceedings{SAT11,
  title =        { The 14th International Conference on Theory and
                  Applications of Satisfiability Testing (SAT)},
  booktitle =    {  International Conference on Theory and
                  Applications of Satisfiability Testing (SAT)},
  editor =       { Karem A. Sakallah and Laurent Simon },
  publisher =    {Springer},
  year =         2011
}
